@Misc{obama:2009,
  author = 	 {Barack Obama},
  title = 	 {{Remarks by the President On Securing Our Nation's Cyber Infrastructure}},
  howpublished = {\url{http://www.whitehouse.gov/the_press_office/Remarks-by-the-President-on-Securing-Our-Nations-Cyber-Infrastructure/}},
  month = 	 {May},
  year = 	 {2009},
  
}

@Misc{holder:2000,
  author = 	 {Eric H. {Holder, Jr.}},
  title = 	 {{Statement before the Subcommittee on Communications, Senate Committee on Commerce, Science and Transportation}},
  howpublished = {\url{http://www.justice.gov/archive/dag/testimony/holderinternet38.htm}},
  month = 	 {March},
  year = 	 {2000},
  note = 	 {{US Deputy Attorney General}}
}

@Misc{vatis:2000,
  author = 	 {Michael A. Vatis},
  title = 	 {{Statement before the Senate Armed Services Committee}},
  howpublished = {\url{http://fas.org/irp/congress/2000_hr/000301mv.pdf}},
  month = 	 {March},
  year = 	 {2000},
  note = 	 {{Deputy Assistant Director, Federal Bureau of Investigation}}
}

@Misc{paller:2005,
  author = 	 {Alan Paller},
  title = 	 {{Statement before the Subcommittee on Economic Security, Infrastructure Protection and Cybersecurity, House Committee on Homeland Security}},
  howpublished = {\url{http://www.gpo.gov/fdsys/pkg/CHRG-109hhrg32242/html/CHRG-109hhrg32242.htm}},
  month = 	 {October},
  year = 	 {2005},
  note = 	 {{Director of Research, The SANS Institute}}
}

@TechReport{gwbush:2003,
  author = 	 {George W. Bush},
  title = 	 {{The National Strategy to Secure Cyberspace}},
  institution =  {The White House},
  year = 	 {2003},
  month = 	 {February}
}

@Article{dunncavelty+suter:2009,
  author = 	 {Myriam {Dunn Cavelty} and Manuel Suter},
  title = 	 {{Public-Private Partnerships are no silver bullet: An expanded governance model for Critical Infrastructure Protection}},
  journal = 	 {{International Journal of Critical Infrastructure Protection}},
  year = 	 {2009},
  volume = 	 {2},
  number = 	 {4},
  pages = 	 {179-187}
}

@TechReport{ukcss:2011,
  author = 	 {{Cabinet Office}},
  title = 	 {{Cyber Security Strategy}},
  institution =  {{UK Government}},
  year = 	 {2011},
  OPTmonth = 	 {November}
}

@TechReport{ukcss:2013,
  author = 	 {{Cabinet Office}},
  title = 	 {{National Cyber Security Strategy 2013: forward plans and achievements}},
  institution =  {{UK Government}},
  year = 	 {2013},
  OPTmonth = 	 {December}
}

@InBook{dunncavelty+brunner:2007,
  author = 	 {Myriam {Dunn Cavelty} and Elgin M. Brunner},
  editor = 	 {Myriam {Dunn Cavelty} and Victor Mauer and {Sai Felicia} Krishna-Hensel},
  title = 	 {{Power and Security in the Information Age: Investigating the Role of the State in Cyberspace}},
  chapter = 	 {{Information, Power, and Security -- An Outline of Debates and Implications}},
  publisher = 	 {Ashgate Publishing},
  year = 	 {2007}
}

@Article{wettenhall:2003,
  author = 	 {Roger Wettenhall},
  title = 	 {{The Rhetoric and Reality of Public-Private Partnerships}},
  journal = 	 {{Public Organization Review}},
  year = 	 {2003},
  volume = 	 {3},
  number = 	 {1},
  pages = 	 {77-107}
}

@Article{linder:1999,
  author = 	 {Stephen H. Linder},
  title = 	 {{Coming to Terms With the Public-Private Partnership: A Grammar of Multiple Meanings}},
  journal = 	 {{American Behavioral Scientist}},
  year = 	 {1999},
  volume = 	 {43},
  number = 	 {1},
  pages = 	 {35-51}
}

@Article{stiglitz+wallsten:1999,
  author = 	 {Joseph E. Stiglitz and Scott J. Wallsten},
  title = 	 {{Public-Private Technology Partnerships: Promises and Pitfalls}},
  journal = 	 {{American Behavioral Scientist}},
  year = 	 {1999},
  volume = 	 {43},
  number = 	 {1},
  pages = 	 {52-73}
}

